@comment{x-kbibtex-personnameformatting=<%l><, %f>}

% This file was created with JabRef 2.5.
% Encoding: UTF-8

@book{amplbook,
address = {New York, NY},
author = {Fourer, Ro. and Gay, D M and Kerninghan, B W},
file = {:home/eohulse/My/BOOKS/Mendeley/AMPL, 2nd. ed..pdf:pdf},
publisher = {Thomson Brooks/Cole},
title = {{AMPL - A Modeling Language for Mathematical Programming}},
year = {2003}
}

@article{Alarcon2002,
author = {Alarc\'on, G A and Torres, C F and Gomez, L E},
journal = {Journal of Energy Resources Technology},
number = {4},
pages = {262--268},
title = {{Global optimization of gas allocation to a group of wells in artificial lift using nonlinear constrained programming}},
volume = {124},
year = {2002}
}

@book{wolsey-book,
address = {New York, NY},
author = {Wolsey, Laurence},
edition = {1st},
mendeley-groups = {Master Thesis},
publisher = {Wiley-Interscience},
title = {{Integer Programming}},
year = {1998}
}


@book{oilwelldrilling,
	address = {Austin, TX},
	author = {Bommer, Paul},
	edition = {7th},
	publisher = {The University of Texas at Austin},
	title = {{A primier of oilwell drilling.}},
	year = {2008}
}

@book{fundamentalspetroleum,
	address = {Austin, TX},
	author = {Denehy, Debby},
	edition = {5th},
	publisher = {The University of Texas at Austin},
	title = {{Fundamentals of Petroleum.}},
	year = {2011}
}

@book{theproductionstory,
	address = {Austin, TX},
	author = {Denehy, Debby},
	edition = {2nd},
	publisher = {The University of Texas at Austin},
	title = {{Oil \& gas: the production story.}},
	year = {2008}
}

@book{fundamentosep,
	address = {Rio de Janeiro, RJ},
	author = {Thomas, José Eduardo},
	edition = {2nd},
	publisher = {Editora Interciências},
	title = {{Fundamentos de engenharia do petróleo.}},
	year = {2001}
}

@book{Williams2013,
address = {London},
author = {Williams, HP P},
edition = {5th},
file = {:home/eohulse/.local/share/data/Mendeley Ltd./Mendeley Desktop/Downloaded/Williams - 2013 - Model building in mathematical programming.pdf:pdf},
publisher = {Wiley},
title = {{Model building in mathematical programming}},
year = {2013}
}

@book{Dantzig1997,
address = {New York, NY},
author = {Dantzig, George B. and Thapa, Mukund N.},
editor = {Glynn, Peter},
file = {:home/eohulse/.local/share/data/Mendeley Ltd./Mendeley Desktop/Downloaded/Dantzig, Thapa - 1997 - Linear Programming.pdf:pdf},
number = {January},
publisher = {Springer-Verlag},
title = {{Linear Programming}},
year = {1997}
}

@book{WolseyNemhauser,
address = {New York, NY},
author = {Wolsey, Laurence and Nemhauser, George L},
edition = {1st},
publisher = {Wiley-Interscience},
title = {{Integer and Combinatorial Optimization}},
year = {1999}
}

@article{Foss2011,
author = {Foss, Bjarne A. and Jensen, John Petter},
file = {:home/eohulse/My/BOOKS/Mendeley/ Performance analysis for closed-loop reservoir management.pdf:pdf},
journal = {SPE Journal},
month = apr,
number = {01},
pages = {183--190},
title = {{Performance Analysis for Closed-Loop Reservoir Management}},
volume = {16},
year = {2011}
}

@article{Saputelli2005,
author = {Saputelli, Luigi and Nikolaou, Michael and Economides, Michael J.},
file = {:home/eohulse/My/BOOKS/Mendeley/Self-Learning Reservoir Management.pdf:pdf},
journal = {SPE Reservoir Evaluation \& Engineering},
month = apr,
number = {06},
pages = {534--547},
title = {{Self-Learning Reservoir Management}},
volume = {8},
year = {2005}
}

@article{Vogel1968,
author = {Vogel, J V},
file = {:home/eohulse/.local/share/data/Mendeley Ltd./Mendeley Desktop/Downloaded/Vogel - 2013 - Inflow Performance Relationships for Solution-Gas Drive Wells.pdf:pdf},
journal = {Journal of Petroleum Technology},
month = apr,
number = {01},
pages = {83--92},
title = {{Inflow Performance Relationships for Solution-Gas Drive Wells}},
volume = {20},
year = {1968}
}

@book{Economides2012,
address = {Upper Saddle River, NJ},
author = {Economides, Michael J. and Hill, A. Daniel and Ehlig-Economides, Christine and Zhu, Ding},
edition = {2nd},
editor = {{Bernard Goodwin}},
file = {:home/eohulse/My/BOOKS/Mendeley/Michael J. Economides, A. Daniel Hill-Petroleum Production Systems-Prentice Hall (2012).pdf:pdf},
keywords = {Oil fields—Production methods.,Petroleum engineering.},
publisher = {Prentice Hall},
title = {{Petroleum production systems}},
year = {2012}
}

@book{Bradley1987,
address = {Richardson, TX},
edition = {3rd},
editor = {Bradley, HB and Gipson, FW},
file = {:home/eohulse/My/BOOKS/Mendeley/Howard B. Bradley, Fred W. Gipson-Petroleum engineering handbook  -Society of Petroleum Engineers (1987).pdf:pdf},
publisher = {Society of Petroleum Engineers},
title = {{Petroleum engineering handbook}},
year = {1987}
}

@article{Bertuzzi1953,
author = {A.F. Bertuzzi and Welchon, J.K. and Poettman, F.H.},
file = {:home/eohulse/My/BOOKS/Mendeley/SPE-953271-G.pdf:pdf},
journal = {Journal of Petroleum Technology},
title = {{Description and Analysis of an Efficient Continuous-Flow Gas-Lift Installation}},
pages = {271--278},
volume = {5},
year = {1953}
}

@article{Brown1980,
	author = {Brown, K.E. and Day, J.J. and Byrd, J.P. and Mach, J.},
	journal = {Petroleum Publishing},
	title = {{The Technology of Artificial Lift Methods}},
	year = {1980}
}

@article{Mach1979,
author = {Mach, Joe and Proano, Eduardo and Brown, Kermit E.},
file = {:home/eohulse/My/BOOKS/Mendeley/SPE-8025-MS.pdf:pdf},
journal = {SPE},
title = {{A nodal approach for applying system analysis to the flowing and artificial lift oil or gas well}},
year = {1979}
}

@article{Nakashima2006,
	author = {Nakashima, P. and Camponogara, Eduardo},
	journal = {IEEE Transactions on Systems, Man, Cybernetics --- Part A},
	number = {2},
	pages = {407--414},
	title = {{Solving a gas-lift optimization problem by dynamic programming}},
	volume = {36},
	year = {2006}
}

@book{Li2006,
address = {New York, NY},
author = {Li, Duan and Sun, Xiaoling},
file = {:home/eohulse/.local/share/data/Mendeley Ltd./Mendeley Desktop/Downloaded/Li, Sun - 2006 - Nonlinear Integer Programming.pdf:pdf},
publisher = {Springer},
title = {{Nonlinear Integer Programming}},
year = {2006}
}

@article{Elgsaeter2008,
author = {Elgs{\ae}ter, Steinar and Slupphaug, Olav and Johansen, Tor Arne},
file = {:home/eohulse/My/BOOKS/Mendeley/ie08.pdf:pdf},
journal = {Intelligent Energy Conference and Exhibition},
title = {{Production optimization; System Identification and Uncertainty Estimation}},
year = {2008}
}

@book{Vanderbei2008,
address = {New Jersey},
author = {Vanderbei, Robert J.},
file = {:home/eohulse/My/BOOKS/Mendeley/Linear Programming.pdf:pdf},
publisher = {Springer},
title = {{Linear Programming - Foundations and Extensions}},
year = {2008}
}

@techreport{Fourer2013,
address = {Northwestern University},
author = {Fourer, Robert},
file = {:home/eohulse/My/BOOKS/Mendeley/amlopt.pdf:pdf},
title = {{Algebraic Modeling Languages for Optimization}},
year = {2013}
}

@article{Saputelli2003,
author = {Saputelli, L.a. and Mochizuki, S. and Hutchins, L. and Cramer, R. and Anderson, M.B. and Mueller, J.B. and Escorcia, a. and a.L. Harms and Sisk, C.D. and Pennebaker, S. and Han, J.T. and Brown, a. and Kabir, C.S. and Reese, R.D. and Nunez, G.J. and Landgren, K.M. and McKie, C.J. and Airlie, C.},
doi = {10.2118/83978-MS},
file = {:home/eohulse/My/BOOKS/Mendeley/SPE-83978-MS.pdf:pdf},
journal = {Proceedings of Offshore Europe},
pages = {1--9},
title = {{Promoting Real-Time Optimization of Hydrocarbon Producing Systems}},
year = {2003}
}

@article{Santos2001,
author = {Santos, Odair G. and Bordalo, Sergio N. and Alhanati, F. J S},
file = {:home/eohulse/My/BOOKS/Mendeley/1-s2.0-S0920410501001644-main.pdf:pdf},
journal = {Journal of Petroleum Science and Engineering},
keywords = {Computer simulation,Gas-lift,Optimization,Petroleum production},
pages = {231--248},
title = {{Study of the dynamics, optimization and selection of intermittent gas-lift methods — a comprehensive model}},
volume = {32},
year = {2001}
}

@article{Saputelli2002,
author = {Saputelli, L. and Malki, H. and Canelon, J. and Nikolaou, M.},
file = {:home/eohulse/My/BOOKS/Mendeley/SPE-77703-MS.pdf:pdf},
journal = {Proceedings of SPE Annual Technical Conference and Exhibition},
pages = {1--2},
title = {{A Critical Overview of Artificial Neural Network Applications in the Context of Continuous Oil Field Optimization.}},
year = {2002}
}


@article{Redden1974,
author = {Redden, Jd and Sherman, Ta and Blann, Jr},
file = {:home/eohulse/My/BOOKS/Mendeley/redden\_1974\_spe5150.pdf:pdf},
journal = {Fall Meeting of the Society of Petroleum Engineers of AIME},
title = {{Optimizing gas-lift systems}},
year = {1974}
}

@article{Buitrago1996,
author = {Buitrago, S and Rodriguez, E and Espin, D},
file = {:home/eohulse/My/BOOKS/Mendeley/SPE-35616-MS.pdf:pdf},
journal = {SPE Gas Technology Symposium},
title = {{Global optimization techniques in gas allocation for continuous flow gas lift systems}},
year = {1996}
}

@article{Kosmidis2004,
author = {Kosmidis, Vassileios D. and Perkins, John D. and Pistikopoulos, Efstratios N.},
file = {:home/eohulse/My/BOOKS/Mendeley/ie034171z.pdf:pdf},
journal = {Industrial \& Engineering Chemistry Research},
pages = {3513--3527},
title = {{Optimization of Well Oil Rate Allocations in Petroleum Fields}},
volume = {43},
year = {2004}
}

@article{Kosmidis2005,
author = {Kosmidis, Vassileios D. and Perkins, John D. and Pistikopoulos, Efstratios N.},
file = {:home/eohulse/My/BOOKS/Mendeley/1-s2.0-S0098135404003473-main.pdf:pdf},
journal = {Computers and Chemical Engineering},
keywords = {Mixed integer optimization,Oilfields production optimization,Well scheduling},
pages = {1523--1541},
title = {{A mixed integer optimization formulation for the well scheduling problem on petroleum fields}},
volume = {29},
year = {2005}
}


@article{Codas2012a,
author = {Codas, Andr\'{e}s and Camponogara, Eduardo},
file = {:home/eohulse/.local/share/data/Mendeley Ltd./Mendeley Desktop/Downloaded/Codas, Camponogara - 2012 - Mixed-integer linear optimization for optimal lift-gas allocation with well-separator routing.pdf:pdf},
journal = {European Journal of Operational Research},
month = feb,
number = {1},
pages = {222--231},
title = {{Mixed-integer linear optimization for optimal lift-gas allocation with well-separator routing}},
volume = {217},
year = {2012}
}


@article{Camponogara2006,
author = {Camponogara, Eduardo and Nakashima, P. H R},
file = {:home/eohulse/My/BOOKS/Mendeley/1-s2.0-S0377221705002705-main.pdf:pdf},
journal = {European Journal of Operational Research},
keywords = {Dynamic programming,Gas-lift optimization,Oil industry,Polyhedra,Production},
pages = {1220--1246},
title = {{Solving a gas-lift optimization problem by dynamic programming}},
volume = {174},
year = {2006}
}

@article{Campos2010,
author = {Campos, Sthener and Teixeira, Alex and Vieira, Leonardo and Sunjerga, Sujezana},
file = {:home/eohulse/My/BOOKS/Mendeley/SPE-128742-MS.pdf:pdf},
journal = {Proceedings of SPE Intelligent Energy Conference and Exhibition},
number = {2005},
pages = {1--21},
title = {{Urucu Integrated Production Model}},
year = {2010}
}

@article{Gunnerud2010,
author = {Gunnerud, Vidar and Foss, Bjarne},
file = {:home/eohulse/My/BOOKS/Mendeley/1-s2.0-S0098135409002701-main.pdf:pdf},
journal = {Computers and Chemical Engineering},
keywords = {Dantzig-Wolfe decomposition,Lagrangian decomposition,Mixed integer linear programming,Oil production planning,Piecewise linearization},
number = {11},
pages = {1803--1812},
title = {{Oil production optimization-A piecewise linear model, solved with two decomposition strategies}},
volume = {34},
year = {2010}
}

@article{Silva2014,
author = {Silva, Thiago Lima and Camponogara, Eduardo},
file = {:home/eohulse/.local/share/data/Mendeley Ltd./Mendeley Desktop/Downloaded/Silva, Camponogara - 2014 - A computational analysis of multidimensional piecewise-linear models with applications to oil production opt.pdf:pdf},
journal = {European Journal of Operational Research},
month = feb,
number = {3},
pages = {630--642},
publisher = {Elsevier B.V.},
title = {{A computational analysis of multidimensional piecewise-linear models with applications to oil production optimization}},
volume = {232},
year = {2014}
}

@article{Rashid2010,
author = {Rashid, Kashif},
file = {:home/eohulse/My/BOOKS/Mendeley/ie900867r.pdf:pdf},
journal = {Industrial and Engineering Chemistry Research},
pages = {2286--2294},
title = {{Optimal allocation procedure for gas-lift optimization}},
volume = {49},
year = {2010}
}

@article{Camponogara2009,
author = {Camponogara, Eduardo and {De Conto}, Augusto M.},
file = {:home/eohulse/My/BOOKS/Mendeley/04982556.pdf:pdf},
journal = {IEEE Transactions on Automation Science and Engineering},
keywords = {Integer programming,Oil fields,Piecewise linearization,Polyhedral theory,Precedence constraints},
number = {3},
pages = {544--551},
title = {{Lift-Gas Allocation under Precedence Constraints: MILP Formulation and Computational Analysis}},
volume = {6},
year = {2009}
}

@phdthesis{Conto2006,
author = {{De Conto}, Augusto M.},
file = {:home/eohulse/My/BOOKS/Mendeley/dissertacao.pdf:pdf},
school = {Universidade Federal de Santa Catarina},
title = {{Aloca\c{c}\~{a}o de g\'{a}s de inje\c{c}\~{a}o em po\c{c}os de petr\'{o}leo sob restri\c{c}\~{o}es de preced\^{e}ncia: Lineariza\c{c}\~{a}o por partes e programa\c{c}\~{a}o inteira}},
year = {2006}
}


@article{Tribbe2000,
author = {Tribbe, C. and M\"uller-Steinhagen, H. M.},
file = {:home/eohulse/My/BOOKS/Mendeley/1-s2.0-S0301932299000701-main.pdf:pdf},
journal = {International Journal of Multiphase Flow},
keywords = {Phenomenological models,Pressure drop,Statistical analysis,Two-phase flow},
pages = {1019--1036},
title = {{An evaluation of the performance of phenomenological models for predicting pressure gradient during gas-liquid flow in horizontal pipelines}},
volume = {26},
year = {2000}
}

@article{Ullmann2006,
author = {Ullmann, a. and Brauner, N.},
file = {:home/eohulse/My/BOOKS/Mendeley/1-s2.0-S0301932205001242-main.pdf:pdf},
journal = {International Journal of Multiphase Flow},
keywords = {Closure,Interface curvature,Interfacial shear,Stratified flow,Turbulent,Two-fluid,Wall shear},
pages = {82--105},
title = {{Closure relations for two-fluid models for two-phase stratified smooth and stratified wavy flows}},
volume = {32},
year = {2006}
}


@book{Beggs2003,
address = {Tulsa, Oklahoma},
author = {Beggs, HD},
edition = {2nd},
file = {:home/eohulse/.local/share/data/Mendeley Ltd./Mendeley Desktop/Downloaded/Beggs - 2003 - Production Optimization using NODAL analysis.pdf:pdf},
publisher = {Oil \& Gas Consultants Intl.},
title = {{Production Optimization: using NODAL analysis}},
year = {2003}
}

@article{Camponogara2010,
author = {Camponogara, Eduardo and Plucenio, Agustinho and Teixeira, Alex F. and Campos, Sthener R V},
file = {:home/eohulse/My/BOOKS/Mendeley/1-s2.0-S092041050900237X-main.pdf:pdf},
journal = {Journal of Petroleum Science and Engineering},
keywords = {control,gas-lifted wells,optimization,smart fields,system automation},
number = {3-4},
pages = {157--167},
publisher = {Elsevier B.V.},
title = {{An automation system for gas-lifted oil wells: Model identification, control, and optimization}},
volume = {70},
year = {2010}
}

@article{Bertsimas2006,
author = {Bertsimas, Dimtris and Thiele, A},
file = {:home/eohulse/.local/share/data/Mendeley Ltd./Mendeley Desktop/Downloaded/Bertsimas, Thiele - 2006 - Robust and data-driven optimization Modern decision-making under uncertainty.pdf:pdf},
journal = {INFORMS Tutorials in \ldots},
keywords = {linear program-,optimization under uncertainty,risk preferences,uncertainty sets},
number = {March},
pages = {1--39},
title = {{Robust and data-driven optimization: Modern decision-making under uncertainty}},
year = {2006}
}

@article{Sahinidis2004,
author = {Sahinidis, Nikolaos V.},
file = {:home/eohulse/My/BOOKS/Mendeley/1-s2.0-S0098135403002369-main.pdf:pdf},
journal = {Computers and Chemical Engineering},
keywords = {Approximation algorithms,Fuzzy programming,Global optimization,Stochastic dynamic programming,Stochastic programming},
pages = {971--983},
title = {{Optimization under uncertainty: State-of-the-art and opportunities}},
volume = {28},
year = {2004}
}

@book{AharonBen-Tal2009,
author = {Ben-Tal, Aharon and Ghaoui, Laurent El and Nemirovski, Arkadi},
file = {:home/eohulse/.local/share/data/Mendeley Ltd./Mendeley Desktop/Downloaded/Ben-Tal, Ghaoui, Nemirovski - 2009 - Robust Optimization.pdf:pdf;:home/eohulse/My/BOOKS/Mendeley/ROBook.pdf:pdf},
publisher = {Princeton University Press Requests},
title = {{Robust Optimization}},
year = {2009},
address = {New Jersey}
}

@article{Rangavajhala2007,
author = {Rangavajhala, Sirisha and Mullur, Anoop and Messac, Achille},
file = {:home/eohulse/.local/share/data/Mendeley Ltd./Mendeley Desktop/Downloaded/Rangavajhala, Mullur, Messac - 2007 - The challenge of equality constraints in robust design optimization examination and new approach.pdf:pdf},
journal = {Structural and Multidisciplinary Optimization},
keywords = {equality constraints,robust design optimization,uncertainty},
month = mar,
number = {5},
pages = {381--401},
title = {{The challenge of equality constraints in robust design optimization: examination and new approach}},
volume = {34},
year = {2007}
}

@article{Rangavajhala2009,
author = {Rangavajhala, Sirisha and Messac, Achille},
file = {:home/eohulse/.local/share/data/Mendeley Ltd./Mendeley Desktop/Downloaded/Rangavajhala, Messac - 2009 - Designer’s preferences regarding equality constraints in robust design optimization(2).pdf:pdf;:home/eohulse/.local/share/data/Mendeley Ltd./Mendeley Desktop/Downloaded/Rangavajhala, Messac - 2009 - Designer’s preferences regarding equality constraints in robust design optimization.pdf:pdf},
journal = {Structural and Multidisciplinary Optimization},
keywords = {constraint preferences,equality constraints,robust design optimization,uncertainty},
month = jul,
number = {1},
pages = {17--38},
title = {{Designer’s preferences regarding equality constraints in robust design optimization}},
volume = {41},
year = {2009}
}

@book{Rockafellar2001,
author = {Rockafellar, R. T.},
booktitle = {Introduction to Applied Optimization},
file = {:home/eohulse/My/BOOKS/Mendeley/uncertainty.pdf:pdf},
publisher = {University of Washington},
address = {Seattle, WA},
title = {{Optimization under uncertainty}},
year = {2001}
}

@article{Dantzig1955,
author = {Dantzig, George B.},
file = {:home/eohulse/.local/share/data/Mendeley Ltd./Mendeley Desktop/Downloaded/Dantzig - 1955 - Linear Programming under Uncertainty.pdf:pdf},
journal = {Management Science},
month = apr,
number = {3-4},
pages = {197--206},
title = {{Linear Programming under Uncertainty}},
volume = {1},
year = {1955}
}

@article{Cooper1959,
author = {A. Charnes and W. W. Cooper},
title = {Chance-Constrained Programming},
journal = {Management Science},
volume = {6},
number = {1},
pages = {73-79},
year = {1959},
doi = {10.1287/mnsc.6.1.73}
}

@book{Bellman1957,
author = {Bellman, Richard},
title = {Dynamic Programming},
publisher = {Princeton University Press},
year = {1957},
address = {Princeton, NJ, USA},
edition = {1}
}

@article{Wallace2000,
author = {Wallace, Stein W.},
file = {:home/eohulse/.local/share/data/Mendeley Ltd./Mendeley Desktop/Downloaded/Wallace - 2000 - Decision Making Under Uncertainty Is Sensitivity Analysis of Any Use.pdf:pdf},
journal = {Operations research},
month = feb,
number = {1},
pages = {20--25},
title = {{Decision making under uncertainty: Is sensitivity analysis of any use? }},
volume = {48},
year = {2000}
}

@article{Nemirovski2000,
author = {Ben-Tal, Aharon and Nemirovski, Arkadi},
file = {:home/eohulse/My/BOOKS/Mendeley/art\%3A10.1007\%2FPL00011380.pdf:pdf;:home/eohulse/.local/share/data/Mendeley Ltd./Mendeley Desktop/Downloaded/Ben-Tal, Nemirovski - 2000 - Robust solutions of Linear Programming problems contaminated with uncertain data.pdf:pdf},
journal = {Math. Programming},
month = sep,
number = {3},
pages = {411--421},
title = {{Robust solutions of linear programming problems contaminated with uncertain data}},
volume = {88},
year = {2000}
}

@article{Wald1945,
author = {Wald, Abraham},
file = {:home/eohulse/My/BOOKS/Mendeley/1969022.pdf:pdf},
journal = {Annals of Mathematics},
number = {2},
pages = {265--280},
title = {{Statistical Decision Functions Which Minimize the Maximum Risk}},
volume = {46},
year = {1945}
}

@article{Soyster1973,
author = {Soyster, A L},
file = {:home/eohulse/My/BOOKS/Mendeley/opre\%2E21\%2E5\%2E1154.pdf:pdf},
journal = {Operations research},
number = {February 2015},
pages = {1154--1157},
title = {{Convex programming with set-inclusive constraints and applications to inexact linear programming}},
volume = {21},
year = {1973}
}

@article{Nemirovski1998,
author = {Ben-Tal, Aharon and Nemirovski, Arkadi},
file = {:home/eohulse/My/BOOKS/Mendeley/tl15.pdf:pdf},
journal = {Mathematics of Operations Research},
keywords = {convex optimization,data uncertainty,geometric programming,linear programming,quadratic programming,robustness,semidefinite programming},
number = {i},
pages = {769--805},
title = {{Robust Convex Optimization}},
volume = {23},
year = {1998}
}

@article{Ben-Tal1999,
author = {Ben-Tal, Aharon and Nemirovski, Arkadi},
file = {:home/eohulse/.local/share/data/Mendeley Ltd./Mendeley Desktop/Downloaded/Ben-Tal, Nemirovski - 1999 - Robust solutions of uncertain linear programs.pdf:pdf},
journal = {Operations Research Letters},
keywords = {convex programming,data uncertainty,interior-point,linear programming,robustness},
month = aug,
number = {1},
pages = {1--13},
title = {{Robust solutions of uncertain linear programs}},
volume = {25},
year = {1999}
}

@article{ElGhaoui1997,
author = {El{ }Ghaoui, Laurent and Lebret, Herv\'{e}},
file = {:home/eohulse/My/BOOKS/Mendeley/10.1.1.17.2208.pdf:pdf},
journal = {SIAM Journal on Matrix Analysis and Applications},
keywords = {15a06,65f10,65f35,65k10,65y20,ams,and k x k,f the,for a matrix x,ill-conditioned problem,k x k denotes,least-squares,mos,notation,programming,regularization,robust identi cation,robust interpolation,robustness,second-order cone programming,semidefinite,subject classification,the largest singular value,uncertainty},
pages = {1035--1064},
pmid = {923755582},
title = {{Robust Solutions to Least-Squares Problems with Uncertain Data}},
volume = {18},
year = {1997}
}

@article{ElGhaoui1998,
author = {El{ }Ghaoui, Laurent and Oustry, Francois and Lebret, Herv\'{e}},
file = {:home/eohulse/My/BOOKS/Mendeley/rob-sdp.pdf:pdf},
journal = {SIAM Journal on Optimization},
keywords = {convex optimization,regular-,robustness,semidefinite programming,uncertainty},
number = {1},
pages = {33--52},
title = {{Robust Solutions to Uncertain Semidefinite Programs}},
volume = {9},
year = {1998}
}

@book{Kouvelis1997,
address = {Boston, MA},
author = {Kouvelis, Panos and Yu, Gang},
edition = {1},
file = {:home/eohulse/My/BOOKS/Mendeley/217990215.pdf:pdf},
publisher = {Kluwer Academic Publishers},
title = {{Robust Discrete Optimization and its Applications}},
year = {1997}
}

@article{GuerraVazquez2008,
author = {Guerra{ }V\'azquez, F. and R\"uckmann, J. J. and Stein, O. and Still, G.},
file = {:home/eohulse/My/BOOKS/Mendeley/1-s2.0-S0377042707000982-main.pdf:pdf},
journal = {Journal of Computational and Applied Mathematics},
keywords = {Design centering,First- and second-order optimality conditions,Generalized semi-infinite programming,Numerical methods,Reduction ansatz,Robust optimization,Structure of the feasible set},
pages = {394--419},
title = {{Generalized semi-infinite programming: A tutorial}},
volume = {217},
year = {2008}
}

@article{Bertismas2011,
archivePrefix = {arXiv},
arxivId = {1010.5445},
author = {Bertsimas, Dimitris and Brown, David B. and Caramanis, Constantine},
eprint = {1010.5445},
file = {:home/eohulse/.local/share/data/Mendeley Ltd./Mendeley Desktop/Downloaded/Bertsimas, Brown, Caramanis - 2011 - Theory and Applications of Robust Optimization.pdf:pdf},
institution = {Massachusetts Institute of Technology, Cambridge, MA},
journal = {SIAM Review},
keywords = {adaptable optimization,applications of robust op-,robust optimization,robustness},
month = jan,
number = {3},
pages = {464--501},
pmid = {20879563},
title = {{Theory and Applications of Robust Optimization}},
volume = {53},
year = {2011}
}

@incollection{Minoux09,
author    = {Minoux, Michel},
title     = {{Robust Linear Programming with Right-Hand-Side Uncertainty, Duality and Applications}},
booktitle = {Encyclopedia of Optimization, Second Edition},
pages     = {3317--3327},
year      = {2009},
timestamp = {Fri, 25 Nov 2011 18:23:13 +0100},
biburl    = {http://dblp.uni-trier.de/rec/bib/reference/opt/Minoux09},
bibsource = {dblp computer science bibliography, http://dblp.org},
publisher = {Springer},
address = {New York, NY},
}

@article{Bertsimas2003,
author = {Bertsimas, Dimitris and Sim, Melvyn},
file = {:home/eohulse/.local/share/data/Mendeley Ltd./Mendeley Desktop/Downloaded/Bertsimas, Sim - 2003 - Robust discrete optimization and network flows.pdf:pdf},
journal = {Mathematical Programming},
keywords = {integer programming,network flows,robust optimization},
month = sep,
number = {1-3},
pages = {49--71},
title = {{Robust discrete optimization and network flows}},
volume = {98},
year = {2003}
}

@article{Averbakh2001,
author = {Averbakh, Igor},
file = {:home/eohulse/My/BOOKS/Mendeley/art\%3A10.1007\%2FPL00011424.pdf:pdf},
journal = {Mathematical Programming},
keywords = {complexity,polynomial algorithm,robust optimization},
number = {2},
pages = {263--272},
title = {{On the complexity of a class of combinatorial optimization problems with uncertainty}},
volume = {90},
year = {2001}
}

@article{Atamturk2006,
author = {Atamt\"urk, Alper},
file = {:home/eohulse/My/BOOKS/Mendeley/art\%3A10.1007\%2Fs10107-006-0709-5.pdf:pdf},
journal = {Mathematical Programming},
keywords = {Computation,Modeling,Polyhedra,Robust optimization},
number = {2-3},
pages = {235--250},
title = {{Strong formulations of robust mixed 0-1 programming}},
volume = {108},
year = {2006}
}


@article{Bieker2007a,
author = {Bieker, Hans P and Slupphaug, Olav and Johansen, Tor A},
file = {:home/eohulse/My/BOOKS/Mendeley/SPE-99446-PA.pdf:pdf},
journal = {SPE Production \& Operations},
number = {December 2006},
pages = {11--13},
title = {{Real-Time Production Optimization of Oil and Gas Production Systems: A Technology Survey}},
year = {2007}
}

@inproceedings{VanEssen2006,
author = {Van{ }Essen, G. M. and Jansen, J. D. and Zandvliet, M. J. and {Van Den Hof}, P. M J and Bosgra, O. H.},
booktitle = {Conference on Control Applications},
file = {:home/eohulse/My/BOOKS/Mendeley/04776730.pdf:pdf},
pages = {699--704},
title = {{Robust Optimization of Oil Reservoir Flooding}},
year = {2006}
}

@article{Elgsaeter2010,
author = {Elgs{\ae}ter, Steinar M. and Slupphaug, Olav and Johansen, Tor Arne},
file = {:home/eohulse/My/BOOKS/Mendeley/1-s2.0-S0098135409001811-main.pdf:pdf},
journal = {Computers \& Chemical Engineering},
pages = {163--176},
title = {{A structured approach to optimizing offshore oil and gas production with uncertain models}},
volume = {34},
year = {2010}
}

@article{Capolei2015,
author = {Capolei, Andrea and Suwartadi, Eka and Foss, Bjarne and J\o rgensen, John Bagterp},
file = {:home/eohulse/My/BOOKS/Mendeley/1-s2.0-S0920410514003751-main.pdf:pdf},
journal = {Journal of Petroleum Science and Engineering},
number = {1},
pages = {23--37},
publisher = {Elsevier},
title = {{A mean–variance objective for robust production optimization in uncertain geological scenarios}},
volume = {125},
year = {2015}
}

@article{Chen2011,
author = {Chen, C. and Li, G. and Reynolds, A.C.},
file = {:home/eohulse/My/BOOKS/Mendeley/SPE-141314-MS.pdf:pdf},
journal = {SPE Reservoir Simulation Symposium},
number = {February},
pages = {1--23},
title = {{Robust constrained optimization of short and long-term NPV for closed-loop reservoir management}},
year = {2011}
}

@article{Bieker2007b,
author = {Bieker, Hans Petter and Slupphaug, Olav and Johansen, Tor Arne},
file = {:home/eohulse/My/BOOKS/Mendeley/SPE-106959-MS.pdf:pdf},
journal = {Proceedings of Digital Energy Conference and Exhibition},
pages = {1--6 -- SPE106959},
title = {{Well Management Under Uncertain Gas/ or Water/Oil Ratios}},
year = {2007}
}

@article{Vielma2010,
author = {Vielma, Juan Pablo and Ahmed, Shabbir and Nemhauser, George},
file = {:home/eohulse/.local/share/data/Mendeley Ltd./Mendeley Desktop/Downloaded/Vielma, Ahmed, Nemhauser - 2010 - Mixed-Integer Models for Nonseparable Piecewise-Linear Optimization Unifying Framework and Extensions.pdf:pdf;:home/eohulse/My/BOOKS/Mendeley/Mixed-Integer Models for Nonseparable Piecewise-Linear Optimization$\backslash$: Unifying Framework and Extensions.pdf:pdf},
journal = {Operations Research},
keywords = {,2008,history,mixed integer programming,piecewise linear functions,september},
month = apr,
number = {2},
pages = {303--315},
title = {{Mixed-Integer Models for Nonseparable Piecewise-Linear Optimization: Unifying Framework and Extensions}},
volume = {58},
year = {2010}
}

@article{Codas2012b,
author = {Codas, Andr\'{e}s and Campos, Sthener and Camponogara, Eduardo and Gunnerud, Vidar and Sunjerga, Snjezana},
file = {:home/eohulse/.local/share/data/Mendeley Ltd./Mendeley Desktop/Downloaded/Codas et al. - 2012 - Integrated production optimization of oil fields with pressure and routing constraints The Urucu field.pdf:pdf},
journal = {Computers \& Chemical Engineering},
month = nov,
pages = {178--189},
publisher = {Elsevier Ltd},
title = {{Integrated production optimization of oil fields with pressure and routing constraints: The Urucu field}},
volume = {46},
year = {2012}
}

@article{Lima2015,
author = {Lima, Thiago and Camponogara, Eduardo and Furtado, Alex and Sunjerga, Snjezana},
file = {:home/eohulse/My/BOOKS/Mendeley/1-s2.0-S0920410515000704-main.pdf:pdf},
journal = {Journal of Petroleum Science and Engineering},
keywords = {daily production optimization,flow splitting,gas-lift,mixed-integer linear programming},
pages = {86--97},
publisher = {Elsevier},
title = {{Modeling of flow splitting for production optimization in offshore gas-lifted oil fields: Simulation validation and applications}},
volume = {128},
year = {2015}
}

@article{Aguiar2014,
author = {Aguiar, M. A. S. and Camponogara, E. and Silva, T. L.},
file = {:home/eohulse/My/BOOKS/Mendeley/v31n2a16.pdf:pdf},
journal = {Brazilian Journal of Chemical Engineering},
keywords = {MILP,MINLP,Mixed-Integer Convex Programming,Oil Production Optimization},
number = {2},
pages = {439--455},
title = {{A mixed-integer convex formulation for production optimization of gaslifted oil fields with routing and pressure constraints}},
volume = {31},
year = {2014}
}

@book{Kalos2008,
address = {Weinheim},
author = {Kalos, Malvin H. and Whitlock, Paula a.},
edition = {2nd},
file = {:home/eohulse/My/BOOKS/Mendeley/monte-carlo-methods-second-revised-and-enlarged-edition.pdf:pdf},
pages = {203},
publisher = {Wiley},
title = {{Monte Carlo Methods}},
year = {2008}
}

@inproceedings{Hulse2014,
address = {Lisbon},
author = {H\"ulse, Eduardo Otte and Camponogara, Eduardo},
booktitle = {Engineering Optimization 2014},
editor = {Rodrigues, H.C. and Herskovits, J. and Soares, C.M. Mota and Guedes, J.M. and Ara\'{u}jo, A.L. and Folgado, J.O and Monteiro, F. and Madeira, J.F.A.},
file = {:home/eohulse/My/BOOKS/Mendeley/b17488-159.pdf:pdf},
pages = {891--896},
publisher = {CRC Press},
title = {{A mathematical programming formulation for robust production optimization of gas-lifted oil fields}},
year = {2014}
}

@book{Sherali2006,
address = {New Jersey},
author = {Bazaraa, Mokhtar S. and Sherali, Hanif D. and Shetty, C.M.},
edition = {3rd},
file = {:home/eohulse/My/BOOKS/Mendeley/Mokhtar S. Bazaraa, Hanif D. Sherali, C. M. Shetty-Nonlinear Programming\_ Theory and Algorithms-Wiley-Interscience (2006).pdf:pdf},
publisher = {Wiley-Interscience},
title = {{Nonlinear Programming: Theory and Algorithms}},
year = {2006}
}

@article{Stone1961,
author = {Stone, Henry},
file = {:home/eohulse/My/BOOKS/Mendeley/S0025-5718-1961-0119390-6.pdf:pdf},
journal = {Mathematics of Computation},
number = {73},
pages = {40--40},
title = {{Approximation of curves by line segments}},
volume = {15},
year = {1961}
}

@article{Cantoni1971,
abstract = {A method is described for determining an optimal straight-line segment approximation to specified functions for constrained and unconstrained endpoints.},
author = {Cantoni, A.},
file = {:home/eohulse/My/BOOKS/Mendeley/01671675.pdf:pdf},
journal = {IEEE Transactions on Computers},
keywords = {connected,constraints,curve-fitting,evolutionary,line segments,linear,minimization,optimal,piecewise,quadratic function,random search.},
number = {1},
pages = {59--67},
title = {{Optimal Curve Fitting With Piecewise Linear Functions}},
volume = {C-20},
year = {1971}
}

@inproceedings{Saepudin2008,
author = {Saepudin, Deni and Sukarno, Pudjo and Soewono, Edy and Sidarto, Kuntjoro Adji and Gunawan, Agus Yodi and Septoratno, Siregar and Budicakrayana, Yana},
month = jun,
publisher = {Proceedings of the International Conference on Engineering Optimization},
title = {{Optimization of Gas Injection Allocation in Multi Gas Lift Wells System}},
year = {2008}
}

@article{Bertismas2004,
author = {Bertsimas, Dimitris and Sim, Melvyn},
file = {:home/eohulse/.local/share/data/Mendeley Ltd./Mendeley Desktop/Downloaded/Bertsimas, Sim - 2004 - The Price of Robustness.pdf:pdf},
journal = {Operations research},
month = feb,
number = {1},
pages = {35--53},
title = {{The price of robustness}},
volume = {52},
year = {2004}
}
