@article{Alarcon2002,
author = {Alarc\'on, G A and Torres, C F and Gomez, L E},
journal = {Journal of Energy Resources Technology},
number = {4},
pages = {262--268},
title = {{Global optimization of gas allocation to a group of wells in artificial lift using nonlinear constrained programming}},
volume = {124},
year = {2002}
}

@book{Dantzig1997,
address = {New York, NY},
author = {Dantzig, George B. and Thapa, Mukund N.},
editor = {Glynn, Peter},
file = {:home/eohulse/.local/share/data/Mendeley Ltd./Mendeley Desktop/Downloaded/Dantzig, Thapa - 1997 - Linear Programming.pdf:pdf},
number = {January},
publisher = {Springer-Verlag},
title = {{Linear Programming}},
year = {1997}
}
